@misc{intro1,
author = {Palmer, Sean B.},
title = "{The Semantic Web: An Introduction}",
year = {2009},
howpublished = "\url{http://infomesh.net/2001/swintro/}"
}
@misc{intro2,
author = {GEIST (AGH-UST)},
title = "{SemanticWeb -- Introduction}",
year = {2011},
howpublished = "\url{http://home.agh.edu.pl/~wta/semweb/geist-semweb-intro.pdf}"
}
@misc{intro3,
author = {Swartz, Aaron},
title = "{The Semantic Web In Breadth}",
year = {2006},
howpublished = "\url{http://logicerror.com/semanticWeb-long}"
}
@misc{swp,
author = {Antoniou, Grigoris},
title = "{A Semantic Web Primer}",
year = {2009},
howpublished = "\url{http://www.ics.forth.gr/isl/swprimer/}"
}
@misc{ibm,
author = {McCarthy, Philip},
title = "{Search RDF data with SPARQL}",
year = {2005},
howpublished = "\url{http://www.ibm.com/developerworks/xml/library/j-sparql/}"
}
@misc{sparql,
author = {W3C},
title = "{SPARQL Query Lanquage for RDF}",
year = {2008},
howpublished = "\url{http://www.w3.org/TR/rdf-sparql-query/}"
}
@misc{uri,
author = {IETF},
title = "{Uniform Resource Identifiers (URI): Generic Syntax}",
year = {1998},
howpublished = "\url{http://www.ietf.org/rfc/rfc2396.txt}"
}
@misc{rdf,
author = {W3C},
title = "{RDF Semantics}",
year = {2004},
howpublished = "\url{http://www.w3.org/TR/2004/REC-rdf-mt-20040210/}"
}
@misc{owl,
author = {W3C},
title = "{OWL Web Ontology Language Overview}",
year = {2004},
howpublished = "\url{http://www.w3.org/TR/owl-features/}"
}
