@misc{sesame,
title = "{Sesame 2.0}",
year = 2011,
author = "Aduna",
howpublished = "\url{http://openrdf.org/}"
}
