% cloud failures

@article{amazon-downtime1,
author  = {A. Kosner},
title   = {{Amazon Cloud Goes Down Friday Night, Taking Netflix, Instagram And Pinterest With It}},
journal = {Forbes},
year    = {2012}
}

@misc{amazon-downtime2,
title        = {{Summary of the October 22,2012 AWS Service Event in the US-East Region}},
howpublished = {\url{https://aws.amazon.com/message/680342/}}
year         = {2012},
publisher    = {Official AWS Blog}
}

@misc{gmail-downtime,
title        = {{More on today's Gmail issue}},
howpublished = {\url{http://gmailblog.blogspot.com/2009/09/more-on-todays-gmail-issue.html}},
year         = {2009},
publisher    = {Official Gmail Blog}
}

@misc{docs-downtime,
title        = {{Google Docs: error allowed unauthorised document access}},
howpublished = {\url{http://www.h-online.com/security/news/item/Google-Docs-error-allowed-unauthorised-document-access-740407.html}},
year         = {2009},
publisher    = {h-online}
}

@techreport{vph-deliverable-2-2,
author      = {P. Nowakowski et al.},
title       = {{VPH-Share WP2: Data and Compute Cloud Platform, Deliverable: D2.2}},
institution = {VPH-Share},
year        = {2011}
}

@article{por,
author  = {A. Juels and B. Kaliski},
title   = {{PORs: Proofs of Retrievability for Large Files}},
journal = {ACM CCS},
year    = {2007},
pages   = {584-597}
}

@article{por2,
author  = {K. Bowers and A. Juels, A. Oprea},
title   = {{Proofs of Retrievability: Theory and Implementation}},
journal = {ACM CCSW},
year    = {2009}
}

@article{dip,
author  = {S. Kumar and A. Saxena},
title   = {{Data integrity proofs in cloud storage}},
journal = {COMNETS},
year    = {2011}
}

@conference {compact-por,
author    = {H. Shacham and B. Waters},
title     = {Compact proofs of retrievability},
booktitle = {Proceedings of Asiacrypt 2008},
year      = {2008},
pages     = {90-107}
}

@inproceedings{pdp,
author    = {G. Ateniese and R. Burns and R. Curtmola and J. Herring and L. Kissner and Z. Peterson and D. Song},
title     = {Provable data possession at untrusted stores},
booktitle = {Proceedings of CCS '07},
year      = {2007},
pages     = {598--609}
}

@inproceedings{pdp2,
author    = {G. Ateniese and R. Di Pietro and L. Mancini and G. Tsudik},
title     = {Scalable and efficient provable data possession},
booktitle = {Proceedings of SecureComm '08},
year      = {2008},
pages     = {1--10}
}

﻿@incollection{ric,
author    = {Y. Deswarte and Q. Jean-Jacques and A. Saïdane},
title     = {Remote integrity checking},
booktitle = {Integrity and Internal Control in Information Systems VI},
year      = {2004},
volume    = {140},
pages     = {1-11}
}

@article{depsky,
author    = {A. Bessani and M. Correia and B. Quaresma and F. Andre and P. Sousa},
title     = {DEPSKY: DEPendable and Secure storage in a cloud-of-clouds},
journal   = {Architecture},
year      = {2009},
pages     = {31--45}
}

@article{hail,
author    = {K. Bowers and A. Juels and A. Oprea},
title     = {HAIL: a High-Availability and Integrity Layer for cloud storage},
journal   = {Work},
volume    = {489}, 
year      = {2009},
pages     = {187--198}
}

@article{venus,
author    = {A. Shraer and C. Cachin and A. Cidon and I. Keidar and Y. Michalevsky and D. Shaket},
title     = {Venus: Verification for Untrusted cloud storage},
journal   = {Electrical Engineering},
year      = {2010}, 
pages     = {19--29}
}

@article{iris,
author    = {E. Stefanov and M. van Dijk and A. Oprea and A. Juels},
title     = {{Iris: a scalable cloud file system with efficient integrity checks}},
journal   = {{IACR Cryptology ePrint Archive}},
year      = {2011},
pages     = {585}
}

@inproceedings{omc-complexity,
author    = {M. Naor and G. Rothblum},
title     = {{The complexity of online memory checking}},
booktitle = {{Proceedings of the 46th Annual IEEE Symposium on Foundations of Computer Science}},
year      = {2005},
pages     = {573--584}
}

@inproceedings{clarke,
author    = {D. Clarke and G. Suh and B. Gassend and A. Sudan and M. van Dijk and S. Devadas},
title     = {{Towards constant bandwidth overhead integrity checking of untrusted data}},
booktitle = {{IEEE Symposium on Security and Privacy}},
year      = {2005},
pages     = {139--153}
}

@inproceedings{memory-correctness,
author    = {M. Blum and W. Evans and P. Gemmell and S. Kannan and M. Naor},
title     = {{Checking the correctness of memories}},
booktitle = {{Algorithmica}},
year      = {1995},
pages     = {90--99}
}

@book{java-language,
author    = {K. Arnold and J. Gosling and D. Holmes},
title     = {{The Java Programming Language}},
publisher = {Prentice Hall},
year      = {2005}
}

@techreport{cloud-computing-definition,
author      = {P. Mell and T. Grance},
title       = {The NIST definition of cloud computing},
institution = {NIST},
year        = {2011},
number      = {800--145}
}

@techreport{fips-shs,
title       = {{Secure Hash Standard (SHS)}},
institution = {NIST},
year        = {2012},
number      = {{180--4}}
}

@techreport{nist-hash,
title       = {{Recommendation for applications using approved hash algorithms}},
institution = {NIST},
year        = {2009},
number      = {{800--107}}
}

@techreport{nist-hmac,
title       = {{The keyed-hash message authentication code (HMAC)}},
institution = {NIST},
year        = {2008},
number      = {{198--1}}
}

@book{unconditional-mac,
author    = {D. Stinson},
title     = {{Cryptography: Theory and Practice}},
publisher = {Chapman and Hall/CRC},
year      = {2005}
}

@inproceedings{stream-mac,
author    = {X. Lai and R. Rueppel and J. Woollven},
title     = {A fast cryptographic checksum algorithm based on stream ciphers},
booktitle = {Advances in Cryptology - ASIACRYPT '92},
year      = {1992},
pages     = {339--348}
}

@misc{rfc2104,
author       = "H. Krawczyk and M. Bellare and R. Canetti",
title        = "{HMAC: keyed-hashing for message authentication}",
series       = "RFC",
number       = "2104",
publisher    = "IETF",
year         = 1997,
howpublished = "http://www.ietf.org/rfc/rfc2104.txt",
}

@techreport{snia-model,
author      = {SNIA},
title       = {Cloud Data Management Interface (CDMI)},
institution = {SNIA},
year        = {2012},
number      = {1.0.2}
}

@article{cloud-characteristics,
author    = {C. Gong and J. Liu and Q. Zhang and H. Chen and Z. Gong},
title     = {The characteristics of cloud computing},
journal   = {2010 39th International Conference on Parallel Processing Workshops},
volume    = {39th},
year      = {2010},
pages     = {275--279}
}

@article{cloud-federation,
author  = {T. Kurze and M. Klems and D. Bermbach and A. Lenk and S. Tai and M. Kunze},
title   = {{Cloud federation}},
journal = {Computing},
number  = {c},
year    = {2011},
pages   = {32--38}
}

@inproceedings{metastorage,
author    = {D. Bermbach and M. Klems and S. Tai and M. Menzel},
title     = {{MetaStorage: a federated cloud storage system to manage consistency-latency tradeoffs}},
booktitle = {{IEEE CLOUD}},
year      = {2011},
pages     = {452--459}
}

%% websites
@misc{cloud-storage-anatomy,
author       = {M. Tim Jones},
title        = {Anatomy of a cloud storage infrastructure},
howpublished = {\url{http://www.ibm.com/developerworks/cloud/library/cl-cloudstorage/}}
}

@misc{amazon-s3,
title        = {{Amazon Simple Storage Service (S3)}},
howpublished = {\url{http://aws.amazon.com/s3/}}
}

@misc{rackspace-cloud,
title        = {{Rackspace Cloud Files}},
howpublished = {\url{http://www.rackspace.com/cloud/cloud_hosting_products/files/}}
}

@misc{google-cloud,
title        = {{Google Cloud Storage}},
howpublished = {\url{https://developers.google.com/storage/}}
}

@misc{openstack-cloud,
title        = {{Openstack Swift}},
howpublished = {\url{http://www.openstack.org/software/openstack-storage/}}
}

@misc{eucalyptus-cloud,
title        = {{Eucalyptus Cloud}},
howpublished = {\url{http://www.eucalyptus.com/eucalyptus-cloud}}
}

% software components websites
@book{tdd,
author    = {K. Bent},
title     = {{Test Driven Development: By Example}},
publisher = {Addison-Wesley},
year      = {2002}
}

@book{tdd-java,
author    = {L. Koskela},
title     = {{Test Driven: TDD and Acceptance TDD for Java Developers}},
publisher = {Manning Publications},
year      = {2007}
}

@book{di-book,
author    = {D. Prasanna},
title     = {{Dependency Injection}},
publisher = {Manning Publications},
year      = {2009}
}

@misc{di,
author       = {M. Fowler},
title        = {{Inversion of Control Containers and the Dependency Injection pattern}},
howpublished = {\url{http://martinfowler.com/articles/injection.html}}
}

@misc{jclouds,
title        = {{JClouds}},
howpublished = {\url{http://www.jclouds.org/}}
}

@techreport{java-servlet,
author      = {R. Mordani},
title       = {{Java Servlet specification}},
institution = {Sun Microsystems},
year        = {2009}
}

@techreport{jax-rs,
author      = {M. Hadley and P. Sandoz},
title       = {{JAX-RS: Java API for RESTful Web Services}},
institution = {Sun Microsystems},
year        = {2008}
}


@techreport{jaxb,
author      = {S. Vajjhala and J. Fialli},
title       = {{The Java™ Architecture for XML Binding (JAXB) 2.0}},
institution = {Sun Microsystems},
year        = {2006}
}

@techreport{jls,
author       = {J. Gosling and and B. Joy and G. Steele and G. Bracha and A. Buxley}, 
title        = {{Java Language Specification - Java SE 7 Edition}},
institution  = {Oracle},
year         = {2013}
}

@misc{quartz,
title        = {{Quartz}},
howpublished = {\url{http://quartz-scheduler.org/}}
}

@misc{apache-tomcat,
title        = {{Apache Tomcat}},
howpublished = {\url{http://tomcat.apache.org/}}
}

@misc{jersey,
title        = {{Jersey}},
howpublished = {\url{http://jersey.java.net/}}
}

@misc{guice,
title        = {{Google Guice}},
howpublished = {\url{http://code.google.com/p/google-guice/}}
}

@misc{libcloud,
title        = {{Apache Libcloud}},
howpublished = {\url{http://libcloud.apache.org/}}
}

